<collection xmlns="http://www.loc.gov/MARC21/slim">
<record>
  <leader>01406nam0a22002411i 450 </leader>
  <controlfield tag="001">IT\ICCU\CNCE\038296</controlfield>
  <controlfield tag="005">20060405000000.0</controlfield>
  <datafield tag="012" ind1=" " ind2=" ">
    <subfield code="a">iala rip- ton- malo (3) 1593 (A)</subfield>
    <subfield code="2">fei</subfield>
  </datafield>
  <datafield tag="100" ind1=" " ind2=" ">
    <subfield code="a">19981028d1593        0itac0103    ba</subfield>
  </datafield>
  <datafield tag="101" ind1=" " ind2=" ">
    <subfield code="a">ITA</subfield>
  </datafield>
  <datafield tag="102" ind1=" " ind2=" ">
    <subfield code="a">IT</subfield>
  </datafield>
  <datafield tag="200" ind1="1" ind2=" ">
    <subfield code="a">Oratione, ouero predica funebre, nella quale si contiene le molte virt,̮ &amp; santa vita, &amp; beato fine della Serenissima Infante Donna Lisabetta, Christianissima Regina di Francia, nata Regina D&apos; Vngaria, e di Boemia, &amp; Arciduchessa d&apos;Austria. Composta, e recitata in Viena da monsig. Melchiorre Kleselio, maestro di sacra teologia, et amministratore del vescouato di Neustatt, e preposito, e cancelliero dell&apos;Academia di Viena, e della Sac. Cesarea Maest ̉consegliero, e predicatore ... Tr. dalla lingua tedesca   in latino e poi mandata alla stampa nell&apos;italiana ... dal r.p.f. Paolo Morigi</subfield>
  </datafield>
  <datafield tag="210" ind1=" " ind2=" ">
    <subfield code="a">In Bergamo</subfield>
    <subfield code="c">per Comin Ventura</subfield>
    <subfield code="d">1593</subfield>
  </datafield>
  <datafield tag="215" ind1=" " ind2=" ">
    <subfield code="a">14 c.</subfield>
    <subfield code="d">4ʻ</subfield>
  </datafield>
  <datafield tag="300" ind1=" " ind2=" ">
    <subfield code="a">ANNULLATA!! E&apos; la pt. 2 di 49343</subfield>
  </datafield>
  <datafield tag="620" ind1=" " ind2=" ">
    <subfield code="a">IT</subfield>
    <subfield code="d">Bergamo</subfield>
  </datafield>
  <datafield tag="700" ind1=" " ind2="1">
    <subfield code="a">Klesl,</subfield>
    <subfield code="b">Melchior</subfield>
    <subfield code="3">IT\ICCU\CNCA\010616</subfield>
  </datafield>
  <datafield tag="702" ind1=" " ind2="1">
    <subfield code="a">Morigia,</subfield>
    <subfield code="b">Paolo</subfield>
    <subfield code="3">IT\ICCU\CNCA\005689</subfield>
  </datafield>
  <datafield tag="712" ind1="0" ind2="0">
    <subfield code="a">Ventura, Comino</subfield>
    <subfield code="3">IT\ICCU\CNCT\000028</subfield>
    <subfield code="4">650</subfield>
  </datafield>
  <datafield tag="790" ind1=" " ind2="1">
    <subfield code="a">Klesel,</subfield>
    <subfield code="b">Melchior</subfield>
    <subfield code="3">IT\ICCU\CNCA\019649</subfield>
    <subfield code="z">Klesl, Melchior</subfield>
  </datafield>
  <datafield tag="790" ind1=" " ind2="1">
    <subfield code="a">Khlesl,</subfield>
    <subfield code="b">Melchior</subfield>
    <subfield code="3">IT\ICCU\CNCA\019650</subfield>
    <subfield code="z">Klesl, Melchior</subfield>
  </datafield>
  <datafield tag="790" ind1=" " ind2="1">
    <subfield code="a">Morigi,</subfield>
    <subfield code="b">Paolo</subfield>
    <subfield code="3">IT\ICCU\CNCA\021011</subfield>
    <subfield code="z">Morigia, Paolo</subfield>
  </datafield>
  <datafield tag="801" ind1=" " ind2="3">
    <subfield code="a">IT</subfield>
    <subfield code="b">ICCU</subfield>
    <subfield code="c">20201114</subfield>
  </datafield>
</record>
</collection>
